% This is jfm2esam.bib v1.0 08/14/02
%

@Article{Shietal2012,
 author = {F. Shi and J. T. Kirby and J. C. Harris and J. D. Geiman and S. T. Grilli},
 title = {A high-order adaptive time-stepping TVD solver for Boussinesq modeling of breaking waves and coastal inundation},
 journal     = {Ocean Modelling},
 volume      = {43-44},
 pages       = {36--51},
 year = {2012}
 }

@PhdThesis{Brock1967,
  author = {R. R. Brock},
  title = {Development of roll waves in open channels},
  school = {California Institute of Technology},
  year = {1967}
}

@article{Kennedy2000,
author = {A. B. Kennedy and Q. Chen and J. T. Kirby and R. A. Dalrymple},
journal = {Journal of Waterway, Port, Coastal, and Ocean Engineering},
number = {1},
pages = {39--47},
title = {{Boussinesq Modeling of Wave Transformation, Breaking, and Runup. I: 1D}},
volume = {126},
year = {2000}
}

@article{Larsen1983,
author = {J. Larsen and H. Dancy},
journal = {Coastal Engineering},
number = {3},
pages = {285--297},
title = {{Open boundaries in short wave simulations — A new approach}},
volume = {7},
year = {1983}
}

@InBook{Cornish1934,
 author = {Cornish, V.},
 title = {Ocean waves and kindred geophysical phenomena},
 publisher = {Cambridge University Press},
 year = {1934}
 }

@article{Balmforth2004,
author = {Balmforth, N. J. and Mandre, S.},
journal = {Journal of Fluid Mechanics},
number = {1},
pages = {1--33},
title = {{Dynamics of roll waves}},
volume = {514},
year = {2004}
}

@article{Dressler1949,
author = {Dressler, R. F.},
journal = {Communications on Pure and Applied Mathematics},
number = {2-3},
pages = {149--194},
title = {{Mathematical solution of the problem of roll-waves in inclined opel channels}},
volume = {2},
year = {1949}
}

@article{Zanuttigh2002,
author = {Zanuttigh, B. and Lamberti, A.},
journal = {Journal of Hydraulic Research},
number = {5},
pages = {610--622},
title = {{Roll waves simulation using shallow water equations and Weighted Average Flux method}},
volume = {40},
year = {2002}
}

@article{Que2006,
author = {Que, Y.-T. and Xu, K.},
journal = {International Journal for Numerical Methods in Fluids},
number = {9},
pages = {1003--1027},
title = {{The numerical study of roll-waves in inclined open channels and solitary wave run-up}},
volume = {50},
year = {2006}
}

@article{Needham1984,
author = {Needham, D. J. and Merkin, J. H.},
journal = {Proceedings of the Royal Society of London. Series A, Mathematical and Physical Sciences},
number = {1807},
pages = {259--278},
publisher = {The Royal Society},
title = {{On Roll Waves down an Open Inclined Channel}},
volume = {394},
year = {1984}
}

@article{Jeffreys1925,
author = {Jeffreys, H.},
journal = {The London, Edinburgh, and Dublin Philosophical Magazine and Journal of Science},
number = {293},
pages = {793--807},
title = {{The flow of water in an inclined channel of rectangular section}},
volume = {49},
year = {1925}
}

@article{Ponce1977,
author = {Ponce, V. M. and Simons, D. B.},
journal = {Journal of the Hydraulics Division},
number = {12},
pages = {1461--1476},
title = {{Shallow Wave Propagation in Open Channel Flow}},
volume = {103},
year = {1977}
}

@article{Brock1970,
author = {Brock, R. R.},
journal = {Journal of the Hydraulics Division},
number = {12},
pages = {2565--2580},
title = {{Periodic Permanent Roll Waves}},
volume = {96},
year = {1970}
}

@article{Ivanova2017,
author = {Ivanova, K. A. and Gavrilyuk, S. L. and Nkonga, B. and Richard, G. L.},
journal = {Computers and Fluids},
pages = {189--203},
title = {{Formation and coarsening of roll-waves in shear shallow water flows down an inclined rectangular channel}},
volume = {159},
year = {2017}
}

@article{Richard2012,
author = {Richard, G. L. and Gavrilyuk, S. L.},
journal = {Journal of Fluid Mechanics},
pages = {374--405},
title = {{A new model of roll waves: comparison with Brock's experiments}},
volume = {698},
year = {2012}
}

@article{Cao2015,
author = {Cao, Z. and Hu, P. and Hu, K. and Pender, G. and Liu, Q.},
journal = {Journal of hydraulic research. Journal de recherches hydrauliques.},
number = {2},
pages = {161--177},
title = {{Modelling roll waves with shallow water equations and turbulent closure LK  - https://mcgill.on.worldcat.org/oclc/7753982736}},
volume = {53},
year = {2015}
}

@article{Chen2021,
author = {Chen, X. and Wang, X. and Liu, Q.},
journal = {Journal of Engineering Mechanics},
number = {2},
pages = {4020149},
title = {{Numerical Study of Roll Wave Characteristics Based on Navier-Stokes Equations: A Two-Dimensional Simulation}},
volume = {147},
year = {2021}
}

@article{Liu1994,
author = {Liu, K.‐F. and Mei, C. C.},
journal = {Physics of Fluids},
number = {8},
pages = {2577--2590},
title = {{Roll waves on a layer of a muddy fluid flowing down a gentle slope—A Bingham model}},
volume = {6},
year = {1994}
}

@article{Yu2021,
author = {Yu, B. and Chu, V.},
journal = {Journal of Fluid Mechanics Rapids},
number = {?},
pages = {?--?},
title = {{The front runner in roll waves produced by a local disturbance}},
volume = {?},
year = {2021}
}

@Article{Qin2018,
AUTHOR = {Qin, X. and Motley, M. and LeVeque, R. and Gonzalez, F. and Mueller, K.},
TITLE = {A comparison of a two-dimensional depth-averaged flow model and a three-dimensional RANS model for predicting tsunami inundation and fluid forces},
JOURNAL = {Natural Hazards and Earth System Sciences},
VOLUME = {18},
YEAR = {2018},
NUMBER = {9},
PAGES = {2489--2506},
}






 @Article{BarkerSchaefferBohorquezGray2015,
 author      = {T. Barker and D. G. Schaeffer and P. Boh\'orquez and J. M. N. T. Gray},
 title       = {Well-posed and ill-posed behaviour of the $\mu(\protect{I})$-rheology for granular flows},
 journal     = {J. Fluid. Mech.},
 year        = {2015},
 volume      = {779},
 pages       = {794--818}

 }

@inproceedings{Briukhanovetal1967,
 author      = {A. V. Briukhanov and S. S. Grigorian and S. M. Miagkov and M. Y. Plam and I. E. Shurova and M. E. Eglit and Y. L. Yakimov},
 title       = {On some new approaches to the dynamics of snow avalanches},
 booktitle   = {Physics of Snow and Ice,  Proceedings of the International Conference on Low Temperature Science},
 volume      = {1},
 number      = {2},
 pages       = {1221--1241},
 publisher   = {Institute of Low Temperature Science, Hokkaido University, Sapporo, Hokkaido, Japan},
 year        = {1967}
 }

@electronic{Bouguet01,
author={Bouguet, J.-Y},
year={2008},
  title = {Camera Calibration Toolbox for Matlab},
 howpublished = {\url{http://www.vision.caltech.edu/bouguetj/calib_doc/}}
}

@Techreport{Rossiter1964wind,
  title=	{Wind tunnel experiments on the flow over rectangular cavities at subsonic and transonic speeds},
  author=	{Rossiter, JE},
  year=	{1964},
  institution={Ministry of Aviation; Royal Aircraft Establishment; RAE Farnborough}
}

%% End of file `jfm2esam.bib'.
